<record><leader>00000cas a22000007a 4500</leader><controlfield tag="001">25856526</controlfield><controlfield tag="008">920521d19411958riuwr ne      0    0eng d</controlfield><datafield ind1=" " ind2=" " tag="010"><subfield code="a">sn 92064069 </subfield></datafield><datafield ind1=" " ind2=" " tag="040"><subfield code="a">RHN</subfield><subfield code="b">eng</subfield><subfield code="c">RHN</subfield><subfield code="d">OCLCQ</subfield></datafield><datafield ind1=" " ind2=" " tag="042"><subfield code="a">msc</subfield></datafield><datafield ind1="0" ind2=" " tag="130"><subfield code="a">Standard (Wickford, R.I. : 1941)</subfield></datafield><datafield ind1="1" ind2="4" tag="245"><subfield code="a">The standard.</subfield></datafield><datafield ind1=" " ind2=" " tag="260"><subfield code="a">Wickford, R.I. :</subfield><subfield code="b">Standard Pub. Corp.</subfield></datafield><datafield ind1=" " ind2=" " tag="300"><subfield code="a">v.</subfield></datafield><datafield ind1=" " ind2=" " tag="310"><subfield code="a">Weekly</subfield></datafield><datafield ind1="0" ind2=" " tag="362"><subfield code="a">Oct. 3, 1941-v. 71, no. 10 (Sept. 25, 1958).</subfield></datafield><datafield ind1=" " ind2=" " tag="500"><subfield code="a">Published in North Kingstown, R.I., May 8-Sept. 25, 1958.</subfield></datafield><datafield ind1=" " ind2="4" tag="651"><subfield code="a">North Kingstown (R.I. : Town)</subfield><subfield code="v">Newspapers.</subfield></datafield><datafield ind1=" " ind2=" " tag="752"><subfield code="a">United States</subfield><subfield code="b">Rhode Island</subfield><subfield code="c">Washington</subfield><subfield code="d">North Kingstown.</subfield></datafield><datafield ind1=" " ind2=" " tag="752"><subfield code="a">United States</subfield><subfield code="b">Rhode Island</subfield><subfield code="c">Washington</subfield><subfield code="d">Wickford.</subfield></datafield><datafield ind1="0" ind2="0" tag="780"><subfield code="t">Wickford standard (Wickford, R.I. : 1914)</subfield><subfield code="w">(DLC)sn 92064068</subfield></datafield><datafield ind1="0" ind2="0" tag="785"><subfield code="t">North Kingstown standard</subfield><subfield code="w">(DLC)sn 92064072</subfield></datafield><datafield ind1="1" ind2=" " tag="029"><subfield code="a">AU@</subfield><subfield code="b">000020748859</subfield></datafield></record>